<record><leader>00000cas a22000007a 4500</leader><controlfield tag="001">15040976</controlfield><controlfield tag="008">870107d18601860wiudn ne      0    0eng d</controlfield><datafield ind1=" " ind2=" " tag="010"><subfield code="a">sn 87082015 </subfield></datafield><datafield ind1=" " ind2=" " tag="040"><subfield code="a">NPV</subfield><subfield code="b">eng</subfield><subfield code="c">NPV</subfield><subfield code="d">NPX</subfield><subfield code="d">NPV</subfield><subfield code="d">NVF</subfield><subfield code="d">OCLCQ</subfield></datafield><datafield ind1=" " ind2=" " tag="042"><subfield code="a">msc</subfield></datafield><datafield ind1="0" ind2="4" tag="245"><subfield code="a">The Daily people's press.</subfield></datafield><datafield ind1="1" ind2="3" tag="246"><subfield code="a">People's press</subfield></datafield><datafield ind1="3" ind2="0" tag="246"><subfield code="a">People's daily press</subfield></datafield><datafield ind1=" " ind2=" " tag="260"><subfield code="a">Milwaukee, Wis. :</subfield><subfield code="b">Beriah Brown,</subfield><subfield code="c">1860-</subfield></datafield><datafield ind1=" " ind2=" " tag="300"><subfield code="a">v.</subfield></datafield><datafield ind1=" " ind2=" " tag="310"><subfield code="a">Daily (except Sunday)</subfield></datafield><datafield ind1="0" ind2=" " tag="362"><subfield code="a">Vol. 1, no. 1 (Aug. 16, 1860)-</subfield></datafield><datafield ind1="1" ind2=" " tag="362"><subfield code="a">Ceased with Dec. 14, 1860 issue.</subfield><subfield code="z">Cf. Oehlerts, d. E. Guide to Wis. newspapers.</subfield></datafield><datafield ind1=" " ind2=" " tag="752"><subfield code="a">United States</subfield><subfield code="b">Wisconsin</subfield><subfield code="c">Milwaukee</subfield><subfield code="d">Milwaukee.</subfield></datafield><datafield ind1=" " ind2=" " tag="752"><subfield code="a">United States</subfield><subfield code="b">Wisconsin</subfield><subfield code="c">Washington</subfield><subfield code="d">Milwaukee.</subfield></datafield><datafield ind1="0" ind2=" " tag="775"><subfield code="t">Weekly people's press</subfield></datafield><datafield ind1="0" ind2="7" tag="785"><subfield code="t">Daily Milwaukee news (Milwaukee, Wis. : 1856)</subfield><subfield code="w">(DLC)sn 86072089</subfield></datafield><datafield ind1="0" ind2="7" tag="785"><subfield code="t">Daily people's press and news</subfield><subfield code="w">(DLC)sn 87082653</subfield></datafield></record>